<?xml version="1.0" encoding="UTF-8"?><collection xmlns="http://www.loc.gov/MARC21/slim"><record><leader>00430nam--2200133-i-4500</leader><controlfield tag="001">000019200</controlfield><controlfield tag="002">20161230</controlfield><controlfield tag="005">20161230201033</controlfield><controlfield tag="008">060222s1000------------r-----000-0-eng-d</controlfield><datafield ind1=" " ind2=" " tag="080"><subfield code="a">621.317.7</subfield></datafield><datafield ind1=" " ind2=" " tag="245"><subfield code="a">Electrical measurements and measuring instruments.the late e.w.golding &amp; f.c.widdis. fifth edition</subfield></datafield><datafield ind1=" " ind2=" " tag="260"><subfield code="a">London, Isac Pitman &amp; Sons Ltd., 1963.Xv+952p</subfield></datafield><datafield ind1=" " ind2=" " tag="490"><subfield code="a">University Of London Examination Papers</subfield></datafield><datafield ind1=" " ind2=" " tag="852"><subfield code="a">33176</subfield></datafield></record></collection>